<?xml version="1.0" encoding="UTF-8"?><collection xmlns="http://www.loc.gov/MARC21/slim"><record><leader>00404nam--2200133-i-4500</leader><controlfield tag="001">000002103</controlfield><controlfield tag="002">20161230</controlfield><controlfield tag="005">20161230201024</controlfield><controlfield tag="008">060222s1000------------r-----000-0-eng-d</controlfield><datafield ind1=" " ind2=" " tag="100"><subfield code="a">Errera, Jacques</subfield></datafield><datafield ind1=" " ind2=" " tag="245"><subfield code="a">Le moment electrique en chimie et en physique. generalite et methodes</subfield></datafield><datafield ind1=" " ind2=" " tag="260"><subfield code="a">Paris, Herman. 1935. 47 P</subfield></datafield><datafield ind1=" " ind2=" " tag="490"><subfield code="a">Actualites Scientifiques 220.Exposed De Phys. Moleculaires</subfield></datafield><datafield ind1=" " ind2=" " tag="852"><subfield code="a">754</subfield></datafield></record></collection>